@article{domonkos1981magyarorszagi,
  title={A magyarorsz{\'a}gi k{\'e}kfest{\'e}s},
  author={Domonkos, Ott{\'o}},
  year={1981}
}
@article{tiborindigokemia,
  title={Indig{\'o}k{\'e}mia {\'e}s indig{\'o}-k{\'e}kfest{\'e}s t{\'e}rben {\'e}s id{\H{o}}ben},
  author={Tibor, Braun},
  year={2018},
  journal={Magyar Kémikusok Lapja}
}
@book{szeki_tibor_,
  author         = {dr. Sz{\'e}ki Tibor},
  title          = {A k{\'e}mia {\'e}s v{\'i}vm{\'a}nyai, II. r{\'e}sz,},
  publisher      = {Kir. Magy. Term{\'e}szettudom{\'a}nyi T{\'a}rsulat},
  year           = {1940}
}
@book{nemerekepzHomHuveszet,
  title={A k{\'e}pz{\H{o}}m{\H{u}}v{\'e}szet t{\"o}rt{\'e}nete},
  year={2015},
  publisher={Kovács Mária Magdolna},
  author={Nemere, Kov{\'a}cs}
}